<records xmlns="http://www.openarchives.org/OAI/2.0/">
<record>
  <header>
    <identifier>oai:mst.rochester.edu:marcnormalization/1</identifier>
    <datestamp />
    <predecessors>
      <predecessor>oai:mst.rochester.edu:1</predecessor>
    </predecessors>
    <setSpec>MARCXML Bibliographic Records</setSpec>
    <status>deleted</status>
  </header>
  <metadata>
    <marc:record xmlns:marc="http://www.loc.gov/MARC21/slim" xmlns:xsi="http://www.w3.org/2001/XMLSchema-instance" xsi:schemaLocation="http://www.loc.gov/MARC21/slim http://www.loc.gov/standards/marcxml/schema/MARC21slim.xsd">
      <marc:leader>01214ccm a2200349   45 A</marc:leader>
      <marc:controlfield tag="001">1012755</marc:controlfield>
      <marc:controlfield tag="005">20020212200426.0</marc:controlfield>
      <marc:controlfield tag="008">901220s1957    maucca         n    lat</marc:controlfield>
      <marc:datafield ind1=" " ind2=" " tag="010">
        <marc:subfield code="a">m  57001938</marc:subfield>
      </marc:datafield>
      <marc:datafield ind1=" " ind2=" " tag="035">
        <marc:subfield code="a">(OCoLC)22879014</marc:subfield>
      </marc:datafield>
      <marc:datafield ind1=" " ind2=" " tag="035">
        <marc:subfield code="9">00958227</marc:subfield>
      </marc:datafield>
      <marc:datafield ind1=" " ind2=" " tag="040">
        <marc:subfield code="a">DLC</marc:subfield>
        <marc:subfield code="c">RER</marc:subfield>
        <marc:subfield code="d">RER</marc:subfield>
      </marc:datafield>
      <marc:datafield ind1=" " ind2=" " tag="049">
        <marc:subfield code="a">RERA</marc:subfield>
      </marc:datafield>
      <marc:datafield ind1="0" ind2=" " tag="050">
        <marc:subfield code="a">M2148.2</marc:subfield>
      </marc:datafield>
      <marc:datafield ind1=" " ind2=" " tag="090">
        <marc:subfield code="a">M2011.C7375</marc:subfield>
        <marc:subfield code="b">P9 1957</marc:subfield>
      </marc:datafield>
      <marc:datafield ind1=" " ind2=" " tag="099">
        <marc:subfield code="a">M2011.C7375 P9 1957</marc:subfield>
      </marc:datafield>
      <marc:datafield ind1="0" ind2="4" tag="245">
        <marc:subfield code="a">The complete Proper of the Mass,</marc:subfield>
        <marc:subfield code="b">set to Gregorian themes and Psalm tones for Sundays and feasts of the liturgical year,</marc:subfield>
        <marc:subfield code="c">by Andrew Green and Herman J. Koch.</marc:subfield>
      </marc:datafield>
      <marc:datafield ind1=" " ind2=" " tag="250">
        <marc:subfield code="a">Rev. and enl. ed.</marc:subfield>
      </marc:datafield>
      <marc:datafield ind1=" " ind2=" " tag="260">
        <marc:subfield code="a">Boston,</marc:subfield>
        <marc:subfield code="b">McLaughlin &amp; Reilly</marc:subfield>
        <marc:subfield code="c">[c1957]</marc:subfield>
      </marc:datafield>
      <marc:datafield ind1=" " ind2=" " tag="300">
        <marc:subfield code="a">xvii p., vocal score (225 p.)</marc:subfield>
        <marc:subfield code="c">32 cm.</marc:subfield>
      </marc:datafield>
      <marc:datafield ind1=" " ind2=" " tag="500">
        <marc:subfield code="a">First ed. published in 1946 under title: The Proper of the Mass.</marc:subfield>
      </marc:datafield>
      <marc:datafield ind1=" " ind2=" " tag="500">
        <marc:subfield code="a">Modern notation, principally with organ acc.; Latin words.</marc:subfield>
      </marc:datafield>
      <marc:datafield ind1=" " ind2=" " tag="500">
        <marc:subfield code="a">"Liturgical calendar": vi p. inserted.</marc:subfield>
      </marc:datafield>
      <marc:datafield ind1=" " ind2="0" tag="650">
        <marc:subfield code="a">Gregorian chants</marc:subfield>
      </marc:datafield>
      <marc:datafield ind1=" " ind2="0" tag="650">
        <marc:subfield code="a">Propers (Music)</marc:subfield>
      </marc:datafield>
      <marc:datafield ind1="1" ind2=" " tag="700">
        <marc:subfield code="a">Green, Andrew,</marc:subfield>
        <marc:subfield code="d">b. 1865.</marc:subfield>
      </marc:datafield>
      <marc:datafield ind1="1" ind2=" " tag="700">
        <marc:subfield code="a">Koch, Herman J.</marc:subfield>
      </marc:datafield>
      <marc:datafield ind1="2" ind2=" " tag="710">
        <marc:subfield code="a">Catholic Church.</marc:subfield>
        <marc:subfield code="t">Missal.</marc:subfield>
      </marc:datafield>
      <marc:datafield ind1="0" ind2=" " tag="740">
        <marc:subfield code="a">Proper of the Mass.</marc:subfield>
      </marc:datafield>
      <marc:datafield ind1=" " ind2=" " tag="910">
        <marc:subfield code="a">950805</marc:subfield>
      </marc:datafield>
      <marc:datafield ind1=" " ind2=" " tag="911">
        <marc:subfield code="a">u</marc:subfield>
      </marc:datafield>
      <marc:datafield ind1=" " ind2=" " tag="966">
        <marc:subfield code="l">/Stack</marc:subfield>
        <marc:subfield code="m">SMONO</marc:subfield>
        <marc:subfield code="s">M2011.C7375 P9 1957</marc:subfield>
        <marc:subfield code="c">1</marc:subfield>
        <marc:subfield code="b">39087011307412</marc:subfield>
      </marc:datafield>
      <marc:datafield tag="931" ind1=" " ind2=" ">
        <marc:subfield code="a">Image</marc:subfield>
        <marc:subfield code="5">NRU</marc:subfield>
      </marc:datafield>
      <marc:datafield tag="932" ind1=" " ind2=" ">
        <marc:subfield code="a">Notated music</marc:subfield>
        <marc:subfield code="5">NRU</marc:subfield>
      </marc:datafield>
      <marc:datafield tag="933" ind1=" " ind2=" ">
        <marc:subfield code="a">Notated music</marc:subfield>
        <marc:subfield code="5">NRU</marc:subfield>
      </marc:datafield>
      <marc:datafield tag="935" ind1=" " ind2=" ">
        <marc:subfield code="a">Monograph/Item</marc:subfield>
        <marc:subfield code="5">NRU</marc:subfield>
      </marc:datafield>
      <marc:datafield tag="941" ind1=" " ind2=" ">
        <marc:subfield code="a">lat</marc:subfield>
        <marc:subfield code="5">NRU</marc:subfield>
      </marc:datafield>
      <marc:datafield tag="943" ind1=" " ind2=" ">
        <marc:subfield code="a">Latin</marc:subfield>
        <marc:subfield code="5">NRU</marc:subfield>
      </marc:datafield>
      <marc:controlfield tag="003">NRU</marc:controlfield>
      <marc:datafield tag="035" ind1=" " ind2=" ">
        <marc:subfield code="a">(NRU)1012755</marc:subfield>
      </marc:datafield>
      <marc:datafield tag="130" ind1="0" ind2=" ">
        <marc:subfield code="a">Complete Proper of the Mass,</marc:subfield>
      </marc:datafield>
    </marc:record>
  </metadata>
</record>
</records>
